@misc{Flaticon_2019, url={https://www.flaticon.com/free-icon/elections_1582013?term=ballot&amp;page=1&amp;position=25&amp;origin=search&amp;related_id=1582013}, journal={Flaticon}, year={2019}, month={Feb}} 
