@misc{flaticonElectionsFree,
	author = {https://www.facebook.com/flaticon},
	title = {{E}lections free icons designed by {F}reepik --- flaticon.com},
	howpublished = {\url{https://www.flaticon.com/free-icon/elections_1582013?term=ballot&page=1&position=25&origin=search&related_id=1582013}},
	year = {},
	note = {[Accessed 19-10-2023]},
}

@misc{nmVotingSystem,
	author = {},
	title = {{V}oting {S}ystem {C}ertification {I}nformation | {M}aggie {T}oulouse {O}liver - {N}ew {M}exico {S}ecretary of {S}tate --- sos.nm.gov},
	howpublished = {\url{https://www.sos.nm.gov/voting-and-elections/data-and-maps/voting-system-certification-information/}},
	year = {},
	note = {[Accessed 26-10-2023]},
}

@misc{adaVotingPolling,
	author = {},
	title = {{V}oting and {P}olling {P}laces --- ada.gov},
	howpublished = {\url{https://www.ada.gov/topics/voting/}},
	year = {},
	note = {[Accessed 07-11-2023]},
}
